<?xml version="1.0" encoding="UTF-8"?><record xmlns="http://www.loc.gov/MARC21/slim" xmlns:cinclude="http://apache.org/cocoon/include/1.0" xmlns:zs="http://www.loc.gov/zing/srw/">
  <leader>00677cz  a2200169n  4500</leader>
  <controlfield tag="001">n  85351555 </controlfield>
  <controlfield tag="003">DLC</controlfield>
  <controlfield tag="005">20080608075732.0</controlfield>
  <controlfield tag="008">861017n| acannaabn          |a aaa     c</controlfield>
  <datafield tag="010" ind1=" " ind2=" ">
    <subfield code="a">n  85351555 </subfield>
  </datafield>
  <datafield tag="035" ind1=" " ind2=" ">
    <subfield code="a">(OCoLC)oca01728290</subfield>
  </datafield>
  <datafield tag="040" ind1=" " ind2=" ">
    <subfield code="a">MWA</subfield>
    <subfield code="b">eng</subfield>
    <subfield code="c">DLC</subfield>
    <subfield code="d">DLC</subfield>
    <subfield code="d">OCoLC</subfield>
  </datafield>
  <datafield tag="100" ind1="1" ind2=" ">
    <subfield code="a">Thayer, John,</subfield>
    <subfield code="d">1758-1815</subfield>
  </datafield>
  <datafield tag="400" ind1="1" ind2=" ">
    <subfield code="a">Thayer,</subfield>
    <subfield code="c">Mr.</subfield>
    <subfield code="q">(John),</subfield>
    <subfield code="d">1758-1815</subfield>
  </datafield>
  <datafield tag="670" ind1=" " ind2=" ">
    <subfield code="a">His Controversy between the Rev. John Thayer, Catholic missionary, of Boston, 1793.</subfield>
  </datafield>
  <datafield tag="670" ind1=" " ind2=" ">
    <subfield code="a">DAB</subfield>
    <subfield code="b">(Thayer, John; licensed Congregational minister who became a Roman Catholic; Catholic missionary in Va. and Kentucky; b. 5/15/1758; d. 2/17/1815)</subfield>
  </datafield>
  <datafield tag="670" ind1=" " ind2=" ">
    <subfield code="a">MWA/NAIP files</subfield>
    <subfield code="b">(usage: John Thayer; Mr. Thayer)</subfield>
  </datafield>
</record>